@Misc{hid-sp18-402-sqst,
  author       = {{Amazon}},
  title        = {Amazon SQS Tutorials},
  howpublished = {web},
  year         = {2018},
  url          = {https://docs.aws.amazon.com/AWSSimpleQueueService/latest/SQSDeveloperGuide/sqs-tutorials.html
},
}

@Misc{hid-sp18-402-sqs,
  author       = {{Amazon}},
  title        = {What is Amazon SQS},
  howpublished = {web},
  year         = {2018},
  url          = {https://docs.aws.amazon.com/AWSSimpleQueueService/latest/SQSDeveloperGuide/welcome.html
},
}

@Misc{hid-sp18-402-ecst,
  author       = {{Amazon}},
  title        = {Amazon SQS Tutorials},
  howpublished = {web},
  year         = {2018},
  url          = {https://aws.amazon.com/getting-started/tutorials/deploy-docker-containers/
},
}
