@Misc{hid-sp18-402-gephi,
	author = {{gephi.org}},
	year = {2008},
	url = {https://gephi.org},
	howpublished = {Web}
}
 
@Misc{hid-sp18-402-gephiF,
	author = {{gephi.org}},
	year = {2008},
	url = {https://gephi.org/features/},
	howpublished = {Web}
}

@Misc{hid-sp18-402-bmc,
	author = {{BMC}},
	year = {2017},
	url = { https://www.bmc.com/it-solutions/multi-cloud-management.html},
	howpublished = {Web}
}

@Misc{hid-sp18-402-www-apatar,
    author = {{apatar.com}},
    year = {2005},
    url = {http://www.apatar.com/},
    howpublished = {Web}
}

@Misc{hid-sp18-402-www-ibm,
    author = {{ibm.com}},
    year = {2014},
    url = { https://www.ibm.com/cloud/},
    howpublished = {Web}
}

@Misc{hid-sp18-402-www-dokku,
    author = {{dokku}},
    year = {2013},
    url = {http://dokku.viewdocs.io/dokku/},
    howpublished = {Web}
}

@Misc{hid-sp18-402-www-dokkuG,
    author = {{dokku}},
    year = {2016},
    url = {https://dokku.github.io/first-prost/welcome-to-dokku},
    howpublished = {Web}
}
