%%% ====================================================================
%%%  BibTeX-file{
%%%     author          = "Sushant Atahley",
%%%     version         = "1.0",
%%%     date            = "10/17/2017",
%%%     filename        = "report.bib",
%%%     email           = "sathaley at iu.edu",
%%%     keywords        = "hid-sp18-402, i516, Amazon, AWS, EC2, Cloud, VM",
%%%     supported       = "yes",
%%%     docstring       = "This BibTeX database file contains references to the %%% Hadoop and MongoDB in support of Big Data Applications andAnalytics"
%%%  }
%%% ====================================================================

@Misc{www-media-netflix,
  author       = {Yury Izrailevsky},
  title        = {Completing the Netflix Cloud Migration},
  howpublished = {web},
  month        = feb,
  year         = {2016},
  url          = {https://media.netflix.com/en/company-blog/completing-the-netflix-cloud-migration},
}

@Misc{www-brendangregg,
  author       = {Brendan Gregg},
  title        = {Performance Tuning Linux Instances on EC2},
  howpublished = {web},
  month        = mar,
  year         = {2015},
  url          = {http://www.brendangregg.com/blog/2015-03-03/performance-tuning-linux-instances-on-ec2.html},
}

@Misc{www-aws-ec2,
  author       = {{Amazon}},
  title        = {Amazon EC2},
  howpublished = {web},
  year         = {2018},
  url          = {https://aws.amazon.com/ec2/},
}

@Misc{www-aws-ec2-details,
  author       = {{Amazon}},
  title        = {Amazon EC2 Product Details},
  howpublished = {web},
  year         = {2018},
  url          = {https://aws.amazon.com/ec2/details/},
}

@Misc{www-infoworld,
  author       = {Eric Knorr},
  title        = {What is cloud computing? Everything you need to know now},
  howpublished = {web},
  month        = jul,
  year         = {2017},
  url          = {https://www.infoworld.com/article/2683784/cloud-computing/what-is-cloud-computing.html},
}

@Misc{www-aws-ec2autoscaling,
  author       = {{Amazon}},
  title        = {Amazon EC2 Auto Scaling},
  howpublished = {web},
  year         = {2018},
  url          = {https://aws.amazon.com/ec2/autoscaling/},
}

@Misc{www-aws-ec2instance,
  author       = {{Amazon}},
  title        = {Amazon EC2 Instance Types},
  howpublished = {web},
  year         = {2018},
  url          = {https://docs.aws.amazon.com/AWSEC2/latest/UserGuide/ec2-instances-and-amis.html},
}

@Misc{www-aws-ec2Security,
  author       = {{Amazon}},
  title        = {Overview of AWS Security-Compute Services},
  howpublished = {web},
  month        = jun,
  year         = {2016},
  url          = {https://d1.awsstatic.com/whitepapers/Security/Security_Compute_Services_Whitepaper.pdf},
}

@Misc{www-aws-ec2Storage,
  author       = {{Amazon}},
  title        = {Storage},
  howpublished = {web},
  year         = {2018},
  url          = {https://docs.aws.amazon.com/AWSEC2/latest/UserGuide/Storage.html},
}

@Misc{www-aws-ec2Pricing,
  author       = {{Amazon}},
  title        = {Amazon EC2 Pricing},
  howpublished = {web},
  year         = {2018},
  url          = {https://aws.amazon.com/ec2/pricing/},
}

@Misc{www-aws-ec2-airbnb,
  author       = {{Amazon}},
  title        = {Airbnb Case Study},
  howpublished = {web},
  year         = {2018},
  url          = {https://aws.amazon.com/solutions/case-studies/airbnb/},
}

@Misc{www-aws-ec2-novartis,
  author       = {{Amazon}},
  title        = {Novartis Case Study},
  howpublished = {web},
  year         = {2018},
  url          = {https://aws.amazon.com/solutions/case-studies/novartis/},
}

@Misc{www-aws-ec2-lamborghini,
  author       = {{Amazon}},
  title        = {AWS Case Study: Automobili Lamborghini},
  howpublished = {web},
  year         = {2018},
  url          = {https://aws.amazon.com/solutions/case-studies/automobili-lamborghini/},
}

@Misc{www-aws-ec2-gettingStarted,
  author       = {{Amazon}},
  title        = {Getting Started with Amazon EC2},
  howpublished = {web},
  year         = {2018},
  url          = {https://aws.amazon.com/ec2/getting-started/},
}

@Misc{www-aws-ec2-setup,
  author       = {{Amazon}},
  title        = {Setting Up with Amazon EC2},
  howpublished = {web},
  year         = {2018},
  url          = {https://docs.aws.amazon.com/AWSEC2/latest/UserGuide/get-set-up-for-amazon-ec2.html
},
}

@Misc{www-aws-ec2-cli,
  author       = {{Amazon}},
  title        = {What Is the AWS Command Line Interface},
  howpublished = {web},
  year         = {2018},
  url          = {https://docs.aws.amazon.com/cli/latest/userguide/cli-chap-welcome.html
},
}

@Misc{www-aws-ec2-sdk,
  author       = {{Amazon}},
  title        = {Tools for Amazon Web Services},
  howpublished = {web},
  year         = {2018},
  url          = {https://aws.amazon.com/tools/#SDKs
},
}

@Misc{www-medium-aws,
  author       = {David Clinton},
  title        = {AWS and Elasticity: Keeping Ahead of User Demand},
  howpublished = {web},
  year         = {2017},
  url          = {https://medium.com/@dbclin/aws-and-elasticity-keeping-ahead-of-user-demand-7ca618013a69
},
}
